@inproceedings{one,
 author = {Farzana Kulsoom and Fabio Dell'Acqua and Marco Pasian},
    title = {Preliminary assessment of factors affecting accuracy of snow layer thickness estimation using bi-static, up-looking radars in an avalanche risk assessment context},
    booktitle = {International Geoscience and Remote Sensing Symposium, IGARSS 2018},
    year = {2018},
    month={7},
}

@article{two,
title = "Reduced complexity Kalman filtering for phase recovery in XPIC systems",
journal = "Physical Communication",
volume = "29",
pages = "112 - 119",
year = "2018",
issn = "1874-4907",
doi = "https://doi.org/10.1016/j.phycom.2018.05.006",
url = "http://www.sciencedirect.com/science/article/pii/S1874490717302872",
author = "Farzana Kulsoom and Anna Vizziello and Roberta Borra and Pietro Savazzi",
}