@article{JSM,
  title={Distributed compressive sensing},
  author={Baron, Dror and Duarte, Marco F and Wakin, Michael B and Sarvotham, Shriram and Baraniuk, Richard G},
  journal={arXiv preprint arXiv:0901.3403},
  year={2009}
}
@article{RIP_Mutual,
  title={A mathematical introduction to compressive sensing},
  author={Foucart, Simon and Rauhut, Holger},
  journal={Bull. Am. Math},
  volume={54},
  pages={151--165},
  year={2017}
}
%%multipath paper
@inproceedings{prevworkour,
 author = {Farzana Kulsoom and Fabio Dell'Acqua and Marco Pasian},
    title = {Preliminary assessment of factors affecting accuracy of snow layer thickness estimation using bi-static, up-looking radars in an avalanche risk assessment context},
    booktitle = {International Geoscience and Remote Sensing Symposium, IGARSS 2018},
    year = {2018},
    month={7},
}
@inproceedings{non-destructive_radar,
            year = {2009},
       booktitle = {Proceedings ISSW International Snow Science Workshop 2009, Davos, Switzerland},
           title = {Non-destructive quantification of snowpack properties},
          author = {Achim Heilig and H. P. Marshall and Olaf Eisen and M. Schneebeli},
}

@Article{non-destructive-GPS,
AUTHOR = {Botteron, Cyril and Dawes, Nicholas and Leclère, Jérôme and Skaloud, Jan and Weijs, Steven V. and Farine, Pierre-André},
TITLE = {Soil Moisture and amp; Snow Properties Determination with GNSS in Alpine Environments: Challenges, Status, and Perspectives},
JOURNAL = {Remote Sensing},
VOLUME = {5},
YEAR = {2013},
NUMBER = {7},
PAGES = {3516--3543},
URL = {http://www.mdpi.com/2072-4292/5/7/3516},
ISSN = {2072-4292},
DOI = {10.3390/rs5073516}
}

@INPROCEEDINGS{multipath_modeling, 
author={W. P. F. {Schonken} and J. B. {de Swardt} and P. J. {van der Merwe}}, 
booktitle={2016 16th Mediterranean Microwave Symposium (MMS)}, 
title={Multipath modelling in a dual-frequency phase-comparison FMCW radar}, 
year={2016}, 
volume={}, 
number={}, 
pages={1-4}, 
keywords={CW radar;FM radar;radar interference;radar receivers;dual-frequency phase comparison FMCW radar;active protection system radar sensor;APS radar sensor;Reutech radar system;mathematical model;specular multipath interference model;Range-Doppler processing;Interference;Radar measurements;Phase measurement;Frequency modulation;Azimuth;Radar antennas;FMCW radar;specular multipath;phase-comparison monopulse}, 
doi={10.1109/MMS.2016.7803861}, 
ISSN={2157-9830}, 
month={Nov},}


@ARTICLE{multpath_tracking, 
author={A. V. {Mrstik} and P. G. {Smith}}, 
journal={IEEE Transactions on Aerospace and Electronic Systems}, 
title={Multipath Limitations on Low-Angle Radar Tracking}, 
year={1978}, 
volume={AES-14}, 
number={1}, 
pages={85-102}, 
keywords={Radar tracking;Radar scattering;Reflection;Uncertainty;Target tracking;Radar antennas;Radar applications;Passband;Scattering parameters;Degradation}, 
doi={10.1109/TAES.1978.308582}, 
ISSN={0018-9251}, 
month={Jan},}


@ARTICLE{sawtoth-fmce,
author={A. G. {Stove}},
journal={IEE Proceedings F - Radar and Signal Processing},
title={Linear FMCW radar techniques},
year={1992},
volume={139},
number={5},
pages={343-350},
keywords={frequency modulation;military systems;radar systems;frequency modulated continuous wave;linear FMCW radar;low probability of intercept waveform;solid-state transmitters;naval tactical navigation radars;smart ammunition sensors;automotive radars;moving target indication;reflected power canceller;Frequency modulation;Military equipment;Radar},
doi={10.1049/ip-f-2.1992.0048},
ISSN={0956-375X},
month={Oct},}
@INPROCEEDINGS{sawtooth, 
author={O. D. {Winarko} and R. {Hidayat} and H. A. {Nugroho} and R. {Anggara} and A. A. {Lestari}}, 
booktitle={2017 International Conference on Radar, Antenna, Microwave, Electronics, and Telecommunications (ICRAMET)}, 
title={Mitigation methods of sawtooth modulations effect on FMCW radar INDERA MX-4}, 
year={2017}, 
volume={}, 
number={}, 
pages={42-46}, 
keywords={CW radar;FM radar;marine radar;modulation;object detection;radar detection;synchronisation;mitigation methods;sawtooth modulations effect;FMCW radar INDERA MX-4;LFM sawtooth modulation technique;Doppler frequency;transmitted signals;signal acquisition process;target detection;beat signal;overshoot detection;INDERA MX-4 coastal radar;radar dynamic range;Radar detection;Radar antennas;Frequency modulation;Signal processing algorithms;Doppler radar;radar;FMCW;sawtooth;radar signal processing;beat signal synchronizations;image processing}, 
doi={10.1109/ICRAMET.2017.8253142}, 
ISSN={}, 
month={Oct},}

@article{MPI,
  title={Multipath Interferences in Ground-Based Radar Data: A Case Study},
  author={C{\'e}lia Lucas and Silvan Leinss and Yves B{\"u}hler and Armando Marino and Irena Hajnsek},
  journal={Remote Sensing},
  year={2017},
  volume={9},
  pages={1260}
}

@ARTICLE{tabdielec, 
author={M. Hallikainen and F. Ulaby and M. Abdelrazik}, 
journal={IEEE Transactions on Antennas and Propagation}, 
title={Dielectric properties of snow in the 3 to 37 GHz range}, 
year={1986}, 
volume={34}, 
number={11}, 
pages={1329-1340}, 
keywords={Dielectric measurements;Snow;Dielectric measurements;Scattering;Shape measurement;Frequency;Temperature distribution;Density measurement;Volume measurement;Size measurement;Predictive models}, 
doi={10.1109/TAP.1986.1143757}, 
ISSN={0018-926X}, 
month={November},}

@article{OKORN201431,
title = "Upward-looking L-band {FMCW} radar for snow cover monitoring",
journal = "Cold Regions Science and Technology",
volume = "103",
pages = "31 - 40",
year = "2014",
issn = "0165-232X",
doi = "https://doi.org/10.1016/j.coldregions.2014.03.006",
url = "http://www.sciencedirect.com/science/article/  /S0165232X14000615",
author = "Robert Okorn and Georg Brunnhofer and Thomas Platzer and Achim Heilig and Lino Schmid and Christoph Mitterer and Jürg Schweizer and Olaf Eisen",
}
@ARTICLE{drysnow, 
author={A. Martini and L. Ferro-Famil and E. Pottier and J. P. Dedieu}, 
journal={IEE Proceedings - Radar, Sonar and Navigation}, 
title={Dry snow discrimination in alpine areas from multi-frequency and multi-temporal {SAR} data}, 
year={2006}, 
volume={153}, 
number={3}, 
pages={271-278}, 
keywords={}, 
doi={10.1049/ip-rsn:20045104}, 
ISSN={1350-2395}, 
month={June},}

"IEEE",
  address       = "Piscataway, NJ",
  number        = "802.11",
  year          = "1997"
}

@article{buried_radar,
title={Continuous snowpack monitoring using upward-looking ground-penetrating radar technology}, 
volume={60}, 
DOI={10.3189/2014JoG13J084}, number={221}, 
journal={Journal of Glaciology}, 
publisher={Cambridge University Press}, 
author={Schmid, Lino and Heilig, Achim and Mitterer, Christoph and Schweizer, Jürg and Maurer, Hansruedi and Okorn, Robert and Eisen, Olaf},
year={2014},
pages={509–525},}

@ARTICLE{microwave, 
author={G. Macelloni and S. Paloscia and P. Pampaloni and M. Brogioni and R. Ranzi and A. Crepaz}, 
journal={IEEE Transactions on Geoscience and Remote Sensing}, 
title={Monitoring of melting refreezing cycles of snow with microwave radiometers: the Microwave Alpine Snow Melting Experiment {(MASMEx 2002-2003)}}, 
year={2005}, 
volume={43}, 
number={11}, 
pages={2431-2442},  
doi={10.1109/TGRS.2005.855070}, 
ISSN={0196-2892}, 
month={Nov},}

@ARTICLE{drinkwater, 
author={G. Macelloni and M. Brogioni and S. Pettinato and R. Zasso and A. Crepaz and J. Zaccaria and B. Padovan and M. Drinkwater}, 
journal={IEEE Transactions on Geoscience and Remote Sensing}, 
title={Ground-Based L-Band Emission Measurements at Dome-C Antarctica: The DOMEX-2 Experiment}, 
year={2013}, 
volume={51}, 
number={9}, 
pages={4718-4730}, 
doi={10.1109/TGRS.2013.2277921}, 
ISSN={0196-2892}, 
month={Sept},}

@article{schmid_heilig2014,
title={Continuous snowpack monitoring using upward-looking ground-penetrating radar technology},
volume={60},
DOI={10.3189/2014JoG13J084}, 
number={221}, 
journal={Journal of Glaciology}, 
publisher={Cambridge University Press}, 
author={Schmid, Lino and Heilig, Achim and Mitterer, Christoph and Schweizer, Jürg and Maurer, Hansruedi and Okorn, Robert and Eisen, Olaf}, year={2014}, pages={509–525},
}

@inproceedings{prevwork,
  title={Optimization of a Multi-Receiver {FMCW} Radar for Snow Cover Monitoring},
  author={Pedro Fidel Espin-Lopez and Marco Pasian and Massimiliano Barbolini and Fabio Dell'Acqua},
  year={2018}
}
@ARTICLE{prevtran, 
author={M. {Pasian} and M. {Barbolini} and F. {Dell’Acqua} and P. F. {Espín-López} and L. {Silvestri}}, 
journal={IEEE Transactions on Geoscience and Remote Sensing}, 
title={Snowpack Monitoring Using a Dual-Receiver Radar Architecture}, 
year={2019}, 
volume={57}, 
number={2}, 
pages={1195-1204}, 
doi={10.1109/TGRS.2018.2865180}, 
ISSN={0196-2892}, 
month={Feb},}

@INPROCEEDINGS{multipath, 
author={S. Roehr and P. Gulden and M. Vossiek}, 
booktitle={2007 European Radar Conference}, 
title={Novel secondary radar for precise distance and velocity measurement in multipath environments}, 
year={2007}, 
volume={}, 
number={}, 
pages={182-185},  
doi={10.1109/EURAD.2007.4404967}, 
ISSN={}, 
month={October},}

@INPROCEEDINGS{multipath_superposition, 
author={S. Roehr and P. Gulden and M. Vossiek}, 
booktitle={2007 European Radar Conference}, 
title={Novel secondary radar for precise distance and velocity measurement in multipath environments}, 
year={2007}, 
volume={}, 
number={}, 
pages={182-185}, 
doi={10.1109/EURAD.2007.4404967}, 
ISSN={}, 
month={October},}

@INPROCEEDINGS{multipath_window, 
author={J. Wagner and A. Strobel and N. Joram and R. Eickhoff and F. Ellinger}, 
booktitle={2011 8th Workshop on Positioning, Navigation and Communication}, 
title={{FMCW} system aspects for multipath environments}, 
year={2011}, 
volume={}, 
number={}, 
pages={89-93}, 
doi={10.1109/WPNC.2011.5961021}, 
ISSN={}, 
month={April},}

@article{layer_phase,
author = {Heilig Achim and Eisen Olaf and Schneebeli Martin},
title = {Temporal observations of a seasonal snowpack using upward‐looking  {GPR}},
journal = {Hydrological Processes},
volume = {24},
number = {22},
pages = {3133-3145},
doi = {10.1002/hyp.7749},
url = {https://onlinelibrary.wiley.com/doi/abs/10.1002/hyp.7749},
eprint = {https://onlinelibrary.wiley.com/doi/pdf/10.1002/hyp.7749},
}

@INPROCEEDINGS{dielectric,
author = {Godio, A and Franco, D and Chiaia, B and Frigo, Barbara and Dublanc, Laura and Freppaz, Michele and Maggioni, M and Ceaglio, Elisabetta and Dellavedova, P},
year = {2015},
month = {09},
pages = {},
title = {Seasonal Monitoring of Snow Properties by {WCR} and {up-GPR}},
}
@Article{HEILIG,
title = {Upward-looking ground-penetrating radar for monitoring snowpack stratigraphy},
journal = "Cold Regions Science and Technology",
volume = "59",
number = "2",
pages = "152 - 162",
year = "2009",
note = "International Snow Science Workshop (ISSW) 2008",
issn = "0165-232X",
doi = "https://doi.org/10.1016/j.coldregions.2009.07.008",
url = "http://www.sciencedirect.com/science/article/pii/S0165232X09001347",
author = "Achim Heilig and Martin Schneebeli and Olaf Eisen",
keywords = "Upward-looking Ground-Penetrating Radar GPR Snowpack monitoring Snow stratigraphy",
}
@Article{Adams1990,
author="Adams, E. E.
and Brown, R. L.",
title="A mixture theory for evaluating heat and mass transport processes in nonhomogeneous snow",
journal="Continuum Mechanics and Thermodynamics",
year="1990",
month="Mar",
day="01",
volume="2",
number="1",
pages="31--63",
issn="1432-0959",
doi="10.1007/BF01170954",
url="https://doi.org/10.1007/BF01170954"
}
%\begin{thebibliography}{10}
%%GC
@article{cyborgs,
  title={Cyborgs go for gold},
  author={Strickland, Eliza},
  journal={IEEE Spectrum},
  volume={53},
  number={1},
  pages={30--33},
  year={2016},
}

@article{tbiocas,
  title={Multi-path model and sensitivity analysis for galvanic coupled intra-body communication through layered tissue},
  author={Swaminathan, Meenupriya and Cabrera, Ferran Simon and Pujol, Joan Sebastia and Muncuk, Ufuk and Schirner, Gunar and Chowdhury, Kaushik R},
  journal={IEEE transactions on biomedical circuits and systems},
  volume={10},
  number={2},
  pages={339--351},
  year={2016},
}

\bibitem{beamformingintrabody} M. Swaminathan, A. Vizziello, D. Duong, P. Savazzi and K. R. Chowdhury, "Beamforming in the body: Energy-efficient and collision-free communication for implants," IEEE INFOCOM 2017 - IEEE Conference on Computer Communications, Atlanta, GA, 2017, pp. 1-9.
@ARTICLE{teshome, 
author={A. K. {Teshome} and B. {Kibret} and D. T. H. {Lai}}, 
journal={IEEE Transactions on Antennas and Propagation}, 
title={Galvanically Coupled Intrabody Communications for Medical Implants: A Unified Analytic Model}, 
year={2016}, 
volume={64}, 
number={7}, 
pages={2989-3002}, 
doi={10.1109/TAP.2016.2559519}, 
ISSN={0018-926X}, 
month={July},}

@INPROCEEDINGS{aniso, 
author={Hoyt, K. and Castaneda, B. and Parker, K.J.}, 
booktitle={IEEE Ultrasonics Symposium}, 
title={5C-6 Muscle Tissue Characterization Using Quantitative Sonoelastography: Preliminary Results}, 
year={2007}, 
month={Oct}, 
pages={365-368}, 
}

@article{ICNIRP,
  title={Exposure to high frequency electromagnetic fields, biological effects and health consequences (100 kHz-300 GHz)},
  author={Vecchia, Paolo and Matthes, R{\"u}diger and Ziegelberger, Gunde and Lin, James and Saunders, Richard and Swerdlow, Anthony},
  journal={International Commission on Non-Ionizing Radiation Protection},
  year={2009}
}

@misc{ieee802,
  title={802.15. 6-2012 IEEE Standards for Local and Metropolitan Area Networks--Part 15.6: Wireless Body Area Networks},
  author={IEEE Standards Association and others}
}
@misc{dielec,
author={Andreuccetti, D., Fossi, R. and Petrucci, C.},
title={An Internet resource for the calculation of the dielectric properties of body tissues in the frequency range 10 Hz - 100 GHz.},
journal={IFAC-CNR, Florence (Italy), 1997. Based on data published by C.Gabriel et al. in 1996},
web={url{\http://niremf.ifac.cnr.it/tissprop/}},
}


@article{backoff,
  title={An energy-efficient transmission strategy for wireless sensor networks},
  author={Van Phan, Ca and Park, Yongsuk and Choi, Hyo and Cho, Jinsung and Kim, Jeong Geun},
  journal={Consumer Electronics, IEEE Transactions on},
  volume={56},
  number={2},
  pages={597--605},
  year={2010},
  publisher={IEEE}
}

@ARTICLE{mikki, 
author={S. M. Mikki and Y. M. M. Antar}, 
journal={IEEE Transactions on Antennas and Propagation}, 
title={A Theory of Antenna Electromagnetic Near Field—Part I}, 
year={2011}, 
volume={59}, 
number={12}, 
pages={4691-4705}, 
doi={10.1109/TAP.2011.2165499}, 
ISSN={0018-926X}, 
month={Dec},}

@inproceedings{cdma,
  title={A MT-CDMA based wireless body area network for ubiquitous healthcare monitoring},
  author={Jui-Yuan et al.},
  booktitle={IEEE Biomedical Circuits and Systems Conference},
  pages={98--101},
  year={2006},
}

@inproceedings{UWBBF,
  title={Energy-Efficient Distributed Beamforming in UWB Based Implant Body Area Networks},
  author={Jie Ding et al.},
  booktitle={IEEE Vehicular Technology Conference (VTC)},
  pages={1--5},
  year={2015},
  }

@phdthesis{ortho2,
  title={A multi axial bioimplantable MEMS array bone stress sensor},
  author={Alfaro, J Fernando},
  year={2007},
  school={Citeseer}
}

@article{arrayelectrodes,
  title={Implantable stimulators for neuromuscular control},
  author={Strojnik, Primoz and Peckham, P Hunter},
  journal={The Biomedical Engineering Handbook, 2nd edn. CRC Press LLC, Boca Raton},
  year={2000}
}

@INPROCEEDINGS{infocom, 
author={M. Swaminathan and U. Muncuk and K. R. Chowdhury}, 
booktitle={IEEE INFOCOM 2016}, 
title={Topology optimization for galvanic coupled wireless intra-body communication}, 
year={2016}, 
pages={1-9}, 
month={April},}



\bibitem{Candes}
E. J. Candes and T. Tao, "Signal Processing With Compressive Measurements," \emph{IEEE Transactions on Information Theory}, vol.~51, no.~12, pp. 4203-4215, 2005.



@ARTICLE{Vizziello, 
author={A. {Vizziello} and P. {Savazzi}}, 
journal={IEEE Sensors Journal}, 
title={Efficient RFID Tag Identification Exploiting Hybrid UHF-UWB Tags and Compressive Sensing}, 
year={2016}, 
volume={16}, 
number={12}, 
pages={4932-4939}, 
doi={10.1109/JSEN.2016.2551375}, 
ISSN={1530-437X}, 
month={June},}

\bibitem{alesii}
Alesii R., Di Marco P., Santucci F., Savazzi P., Valentini R., Vizziello A.: "Multi-reader multi-tag architecture for UWB/UHF radio frequency identification systems", in Proceeding of EURASIP RFID 2015 Workshop, Rosenheim, Germany, 22-23 Oct. 2015. 

\bibitem{Dekorsy12}
H. Schepker and A. Dekorsy, "Compressive Sensing Multi-User Detection with Block-Wise Orthogonal Least Squares," \emph{IEEE VTC Spring 2012}, May 2012.

\bibitem{Donoho06}
D. L. Donoho, "Compressed sensing," \emph{IEEE Transactions on Information Theory}, vol.~52, no.~4, pp. 1289-1306, 2006.

\bibitem{Candes08}
E. J. Candes and M. B. Wakin, "An Introduction To Compressive Sampling," \emph{IEEE Signal Processing Magazine}, vol.~25, no.~2, pp. 21-30, 2008.

\bibitem{Masood13}
M. Masood and T. Y. Al-Naffouri, "Sparse Reconstruction Using Distribution Agnostic Bayesian Matching Pursuit," \emph{IEEE Transactions on Signal Processing}, vol.~61, no.~21, pp. 5298-5309, 2013.

\bibitem{Dai09}
W. Dai and O. Milenkovic, "Subspace Pursuit for Compressive Sensing Signal Reconstruction," \emph{IEEE Transactions on Information Theory}, vol.~55, no.~5, pp. 2230-2249, 2009.

\bibitem{BergFriedlander:2008}
E. van den Berg and M. P. Friedlander, "Probing the Pareto frontier for basis pursuit solutions," \emph{SIAM Journal on Scientific Computing}, vol.~31, no.~2, pp. 890-912, 2008.

\bibitem{berg2}E. van den Berg and M. P. Friedlander, (2011). "Sparse Optimization with Least-Squares Constraints, " \emph{SIAM Journal on Optimization}. vol.~21, pp. 1201-1229. 2011. 

%\end{thebibliography}

	


	




%% GC testbed
@ARTICLE{Seyedi2013, 
author={M. {Seyedi} and B. {Kibret} and D. T. H. {Lai} and M. {Faulkner}}, 
journal={IEEE Transactions on Biomedical Engineering}, 
title={A Survey on Intrabody Communications for Body Area Network Applications}, 
year={2013}, 
volume={60}, 
number={8}, 
pages={2067-2079}, 
doi={10.1109/TBME.2013.2254714}, 
ISSN={0018-9294}, 
month={Aug},}


@INPROCEEDINGS{Galluccio2012, 
author={L. {Galluccio} and T. {Melodia} and S. {Palazzo} and G. E. {Santagati}}, 
booktitle={2012 9th Annual Conference on Wireless On-Demand Network Systems and Services (WONS)}, 
title={Challenges and implications of using ultrasonic communications in intra-body area networks}, 
year={2012}, 
volume={}, 
number={}, 
pages={182-189}, 
doi={10.1109/WONS.2012.6152227}, 
ISSN={}, 
month={Jan},}

@INPROCEEDINGS{Park2015, 
author={J. {Park} and P. P. {Mercier}}, 
booktitle={2015 37th Annual International Conference of the IEEE Engineering in Medicine and Biology Society (EMBC)}, 
title={Magnetic human body communication}, 
year={2015}, 
volume={}, 
number={}, 
pages={1841-1844}, 
doi={10.1109/EMBC.2015.7318739}, 
ISSN={1094-687X}, 
month={Aug},}

@ARTICLE{Callejon2014, 
author={M. A. {Callejón} and J. {Reina-Tosina} and D. {Naranjo-Hernández} and L. M. {Roa}}, 
journal={IEEE Transactions on Biomedical Engineering}, 
title={Galvanic Coupling Transmission in Intrabody Communication: A Finite Element Approach}, 
year={2014}, 
volume={61}, 
number={3}, 
pages={775-783}, 
doi={10.1109/TBME.2013.2289946}, 
ISSN={0018-9294}, 
month={March},}


%\bibitem{Zimmerman1996} T. G. Zimmerman: Personal area networks: near-field intrabody communication, IBM systems Journal, vol. 35, n. 3.4, pp. 609–617, 1996.
@ARTICLE{Zimmerman1996, 
author={T. G. {Zimmerman}}, 
journal={IBM Systems Journal}, 
title={Personal Area Networks: Near-field intrabody communication}, 
year={1996}, 
volume={35}, 
number={3.4}, 
pages={609-617}, 
keywords={}, 
doi={10.1147/sj.353.0609}, 
ISSN={0018-8670}, 
month={},}

@ARTICLE{Swaminathan2016, 
author={M. {Swaminathan} and F. S. {Cabrera} and J. S. {Pujol} and U. {Muncuk} and G. {Schirner} and K. R. {Chowdhury}}, 
journal={IEEE Transactions on Biomedical Circuits and Systems}, 
title={Multi-Path Model and Sensitivity Analysis for Galvanic Coupled Intra-Body Communication Through Layered Tissue}, 
year={2016}, 
volume={10}, 
number={2}, 
pages={339-351}, 
doi={10.1109/TBCAS.2015.2412548}, 
ISSN={1932-4545}, 
month={April},}

@INPROCEEDINGS{Swaminathan2017, 
author={M. {Swaminathan} and A. {Vizziello} and D. {Duong} and P. {Savazzi} and K. R. {Chowdhury}}, 
booktitle={IEEE INFOCOM 2017 - IEEE Conference on Computer Communications}, 
title={Beamforming in the body: Energy-efficient and collision-free communication for implants}, 
year={2017}, 
volume={}, 
number={}, 
pages={1-9}, 
doi={10.1109/INFOCOM.2017.8056989}, 
ISSN={}, 
month={May},}

%\bibitem{Vecchia2009} \textcolor{red}{P. Vecchia et al.: Exposure to high frequency electromagnetic fields, biological effects and health consequences (100 kHz-300 GHz), International Commission on Non-Ionizing Radiation Protection, 2009.}
@ARTICLE{Wegmueller2009, 
author={M. S. {Wegmueller} and S. {Huclova} and J. {Froehlich} and M. {Oberle} and N. {Felber} and N. {Kuster} and W. {Fichtner}}, 
journal={IEEE Transactions on Instrumentation and Measurement}, 
title={Galvanic Coupling Enabling Wireless Implant Communications}, 
year={2009}, 
volume={58}, 
number={8}, 
pages={2618-2625}, 
doi={10.1109/TIM.2009.2015639}, 
ISSN={0018-9456}, 
month={Aug},}

@ARTICLE{Wegmueller2010, 
author={M. S. {Wegmueller} and M. {Oberle} and N. {Felber} and N. {Kuster} and W. {Fichtner}}, 
journal={IEEE Transactions on Instrumentation and Measurement}, 
title={Signal Transmission by Galvanic Coupling Through the Human Body}, 
year={2010}, 
volume={59}, 
number={4}, 
pages={963-969}, 
doi={10.1109/TIM.2009.2031449}, 
ISSN={0018-9456}, 
month={April},}

@inproceedings{Seyedi2017,
  title={A Novel Intrabody Communication Transceiver for Biomedical Applications},
  journal= {Springer Singapore},
  author={Mir Hojjat Hojat Seyedi and Daniel T. H. Lai},
  year={2017}
}

@INPROCEEDINGS{Tomlinson2016, 
author={W. J. {Tomlinson} and K. R. {Chowdhury} and C. {Yu}}, 
booktitle={2016 IEEE Conference on Computer Communications Workshops (INFOCOM WKSHPS)}, 
title={Galvanic coupling Intra-Body Communication link for real-time channel assessment}, 
year={2016}, 
volume={}, 
number={}, 
pages={968-969}, 
doi={10.1109/INFCOMW.2016.7562220}, 
ISSN={}, 
month={April},}

%\bibitem{MatlabDATool2001} \textcolor{red}{The Matlab Data Acquisition Toolbox Manual. Mathworks Inc.. 2001}

@INPROCEEDINGS{Hwang2013, 
author={J. -. {Hwang}}, 
booktitle={2003 IEEE International Conference on Acoustics, Speech, and Signal Processing, 2003. Proceedings. (ICASSP '03).}, 
title={Innovative communication design lab based on PC sound card and Matlab: a software-defined-radio OFDM modem example}, 
year={2003}, 
volume={3}, 
number={}, 
pages={III-761}, 
doi={10.1109/ICASSP.2003.1199587}, 
ISSN={1520-6149}, 
month={April},}

@ARTICLE{Banou2018, 
author={S. {Banou} and M. {Swaminathan} and G. R. {Muns} and D. {Duong} and F. {Kulsoom} and P. {Savazzi} and A. {Vizziello} and K. R. {Chowdhury}}, 
journal={IEEE Sensors Journal}, 
title={Beamforming Galvanic Coupling Signals for IoMT Implant-to-Relay Communication}, 
year={2019}, 
volume={}, 
number={}, 
pages={1-1}, 
doi={10.1109/JSEN.2018.2886561}, 
ISSN={1530-437X}, 
month={},}

@ARTICLE{Tomlinson2018, 
author={W. J. {Tomlinson} and S. {Banou} and C. {Yu} and M. {Stojanovic} and K. R. {Chowdhury}}, 
journal={IEEE Communications Surveys Tutorials}, 
title={Comprehensive Survey of Galvanic Coupling and Alternative Intra-Body Communication Technologies}, 
year={2019}, 
volume={21}, 
number={2}, 
pages={1145-1164}, 
doi={10.1109/COMST.2018.2879643}, 
ISSN={1553-877X}, 
month={Secondquarter},}

@Article{Li2017,
AUTHOR = {Li, Maoyuan and Song, Yong and Li, Wansong and Wang, Guangfa and Bu, Tianpeng and Zhao, Yufei and Hao, Qun},
TITLE = {The Modeling and Simulation of the Galvanic Coupling Intra-Body Communication via Handshake Channel},
JOURNAL = {Sensors},
VOLUME = {17},
YEAR = {2017},
NUMBER = {4},
ARTICLE-NUMBER = {863},
URL = {https://www.mdpi.com/1424-8220/17/4/863},
ISSN = {1424-8220},
DOI = {10.3390/s17040863}
}

%\bibitem{Swaminathan2015} \textcolor{red}{M. Swaminathan, G. Schirner and K. R. Chowdhury, “Optimization of energy efficient relay position for galvanic coupled intra-body communication,” Proc. IEEE WCNC, New Orleans, LA, 2015.}

@ARTICLE{Wegmueller2007, 
author={M. S. {Wegmueller} and A. {Kuhn} and J. {Froehlich} and M. {Oberle} and N. {Felber} and N. {Kuster} and W. {Fichtner}}, 
journal={IEEE Transactions on Biomedical Engineering}, 
title={An Attempt to Model the Human Body as a Communication Channel}, 
year={2007}, 
volume={54}, 
number={10}, 
pages={1851-1857}, 
doi={10.1109/TBME.2007.893498}, 
ISSN={0018-9294}, 
month={Oct},}


@Article{Song2012,
AUTHOR = {Song, Yong and Zhang, Kai and Hao, Qun and Hu, Lanxin and Wang, Jingwen and Shang, Fuzhou},
TITLE = {A Finite-Element Simulation of Galvanic Coupling Intra-Body Communication Based on the Whole Human Body},
JOURNAL = {Sensors},
VOLUME = {12},
YEAR = {2012},
NUMBER = {10},
PAGES = {13567--13582},
URL = {https://www.mdpi.com/1424-8220/12/10/13567},
PubMedID = {23202010},
ISSN = {1424-8220},
DOI = {10.3390/s121013567}
}

@INPROCEEDINGS{Chen2012, 
author={X. M. {Chen} and P. U. {Mak} and S. H. {Pun} and Y. M. {Gao} and M. I. {Vai} and M. {Du}}, 
booktitle={2012 Annual International Conference of the IEEE Engineering in Medicine and Biology Society}, 
title={Signal transmission through human muscle for implantable medical devices using galvanic intra-body communication technique}, 
year={2012}, 
volume={}, 
number={}, 
pages={1651-1654}, 
doi={10.1109/EMBC.2012.6346263}, 
ISSN={1558-4615}, 
month={Aug},}

@ARTICLE{Pun2011, 
author={S. H. {Pun} and Y. M. {Gao} and P. {Mak} and M. I. {Vai} and M. {Du}}, 
journal={IEEE Transactions on Information Technology in Biomedicine}, 
title={Quasi-Static Modeling of Human Limb for Intra-Body Communications With Experiments}, 
year={2011}, 
volume={15}, 
number={6}, 
pages={870-876}, 
doi={10.1109/TITB.2011.2161093}, 
ISSN={1089-7771}, 
month={Nov},}


@ARTICLE{Cho2009, 
author={N. {Cho} and J. {Bae} and H. {Yoo}}, 
journal={IEEE Journal of Solid-State Circuits}, 
title={A 10.8 mW Body Channel Communication/MICS Dual-Band Transceiver for a Unified Body Sensor Network Controller},
year={2009}, 
volume={44}, 
number={12}, 
pages={3459-3468}, 
doi={10.1109/JSSC.2009.2032592}, 
ISSN={0018-9200}, 
month={Dec},}

@ARTICLE{Callejon2015, 
author={M. A. {Callejón} and J. {Reina-Tosina} and D. {Naranjo-Hernández} and L. M. {Roa}}, 
journal={IEEE Transactions on Biomedical Engineering}, 
title={Measurement Issues in Galvanic Intrabody Communication: Influence of Experimental Setup}, 
year={2015}, 
volume={62}, 
number={11}, 
pages={2724-2732}, 
doi={10.1109/TBME.2015.2444916}, 
ISSN={0018-9294}, 
month={Nov},}

%\bibitem{Rosen2011}\textcolor{red}{Rosen, S.: Signals and Systems for Speech and Hearing, 2nd ed., BRILL. (2011) METTERE AS KNOWN!!!!!!!}

\bibitem{Alesii2015} Alesii R., Marco P. D., Santucci F., Savazzi P., Valentini R. and Vizziello  A.:Multi-reader multi-tag architecture for UWB/UHF radio frequency identification systems. In: 2015 International EURASIP Workshop on RFID Technology (EURFID), Rosenheim, 2015, pp. 28-35.
@INPROCEEDINGS{Alesii2015, 
author={R. {Alesii} and P. D. {Marco} and F. {Santucci} and P. {Savazzi} and R. {Valentini} and A. {Vizziello}}, 
booktitle={2015 International EURASIP Workshop on RFID Technology (EURFID)}, 
title={Multi-reader multi-tag architecture for UWB/UHF radio frequency identification systems}, 
year={2015}, 
volume={}, 
number={}, 
pages={28-35}, 
doi={10.1109/EURFID.2015.7332381}, 
ISSN={}, 
month={Oct},}


%% channel recovery
@article{SOMP_energy,
title = "Perturbation analysis of simultaneous orthogonal matching pursuit",
journal = "Signal Processing",
volume = "116",
pages = "91 - 100",
year = "2015",
issn = "0165-1684",
doi = "https://doi.org/10.1016/j.sigpro.2015.04.009",
url = "http://www.sciencedirect.com/science/article/pii/S0165168415001449",
author = "Wenbo Xu and Zhilin Li and Yun Tian and Yue Wang and Jiaru Lin",

}
@ARTICLE{FDD_or_TDD, 
author={P. W. {C. Chan} and E. S. {Lo} and R. R. {Wang} and E. K. {S. Au} and V. K. {N. Lau} and R. S. {Cheng} and W. H. {Mow} and R. D. {Murch} and K. B. {Letaief}}, 
journal={IEEE Communications Magazine}, 
title={The evolution path of 4G networks: FDD or TDD?}, 
year={2006}, 
volume={44}, 
number={12}, 
pages={42-50}, 
doi={10.1109/MCOM.2006.273098}, 
ISSN={0163-6804}, 
month={Dec},}
@inproceedings{SCM,
  title={Universal Mobile Telecommunications System (umts); Spatial Channel Model for Multiple Input Multiple Output (mimo) Simulations (3gpp Tr 25.996 Version 11.0.0 Release 11) Intellectual Property Rights},
  url={http://www.3gpp.org/DynaReport/25996.htm},
  author={G. T. 25.996}
}
@article{scattering_model,
  title={Geometry-based directional model for mobile radio channels - principles and implementation},
  author={Andreas F. Molisch and Alexander Kuchar and Juha Laurila and Klaus Hugl and Ralph Schmalenberger},
  journal={European Transactions on Telecommunications},
  year={2003},
  volume={14},
  pages={351-359}
}

@ARTICLE{KalmanAccess2018, 
author={A. {Vizziello} and P. {Savazzi} and K. R. {Chowdhury}}, 
journal={IEEE Access}, 
title={A Kalman Based Hybrid Precoding for Multi-User Millimeter Wave MIMO Systems}, 
year={2018}, 
volume={6}, 
number={}, 
pages={55712-55722}, 
doi={10.1109/ACCESS.2018.2872738}, 
ISSN={2169-3536}, 
month={},}

@Article{Vizziello2013,
author="Vizziello, Anna
and Akyildiz, Ian F.
and Agust{\'i}, Ramon
and Favalli, Lorenzo
and Savazzi, Pietro",
title="Characterization and exploitation of heterogeneous OFDM primary users in cognitive radio networks",
journal="Wireless Networks",
year="2013",
month="Aug",
day="01",
volume="19",
number="6",
pages="1073--1085",
issn="1572-8196",
doi="10.1007/s11276-012-0519-z",
url="https://doi.org/10.1007/s11276-012-0519-z"
}

@INPROCEEDINGS{OFDMGlob2010, 
author={A. {Vizziello} and I. F. {Akyildiz} and R. {Augusti} and L. {Favalli} and P. {Savazzi}}, 
booktitle={2010 IEEE Global Telecommunications Conference GLOBECOM 2010}, 
title={OFDM Signal Type Recognition and Adaptability Effects in Cognitive Radio Networks}, 
year={2010}, 
volume={}, 
number={}, 
pages={1-5}, 
doi={10.1109/GLOCOM.2010.5683103}, 
ISSN={1930-529X}, 
month={Dec},}
@article{stochastic_ch_info,
  title={Stochastic approximations and efficient learning},
  author={Bottou, L{\'e}on and Murata, Noboru},
  journal={The Handbook of Brain Theory and Neural Networks, Second edition,. The MIT Press, Cambridge, MA},
  year={2002}
}

@INPROCEEDINGS{omp, 
author={Y. C. {Pati} and R. {Rezaiifar} and P. S. {Krishnaprasad}}, 
booktitle={Proceedings of 27th Asilomar Conference on Signals, Systems and Computers}, 
title={Orthogonal matching pursuit: recursive function approximation with applications to wavelet decomposition}, 
year={1993}, 
volume={}, 
number={}, 
pages={40-44 vol.1}, 
doi={10.1109/ACSSC.1993.342465}, 
ISSN={1058-6393}, 
month={Nov},}
@ARTICLE{structured_sparsity,
       author = {{Huang}, Junzhou and {Zhang}, Tong and {Metaxas}, Dimitris},
        title = "{Learning with Structured Sparsity}",
      journal = {arXiv e-prints},
     keywords = {Statistics - Methodology, Mathematics - Statistics},
         year = "2009",
        month = "Mar",
          eid = {arXiv:0903.3002},
        pages = {arXiv:0903.3002},
archivePrefix = {arXiv},
       eprint = {0903.3002},
 primaryClass = {stat.ME},
       adsurl = {https://ui.adsabs.harvard.edu/abs/2009arXiv0903.3002H},
      adsnote = {Provided by the SAO/NASA Astrophysics Data System}
}

@ARTICLE{dft, 
author={J. {Dai} and A. {Liu} and V. K. N. {Lau}}, 
journal={IEEE Transactions on Signal Processing}, 
title={Joint Channel Estimation and User Grouping for Massive MIMO Systems}, 
year={2019}, 
volume={67}, 
number={3}, 
pages={622-637}, 
doi={10.1109/TSP.2018.2883852}, 
ISSN={1053-587X}, 
month={Feb},}

@ARTICLE{qausi_static_ofdm, 
author={ and K. B. {Letaief} and R. S. {Cheng} and }, 
journal={IEEE Transactions on Communications}, 
title={Channel estimation for OFDM transmission in multipath fading channels based on parametric channel modeling}, 
year={2001}, 
volume={49}, 
number={3}, 
pages={467-479}, 
doi={10.1109/26.911454}, 
ISSN={0090-6778}, 
month={March},}

@ARTICLE{power_MMSE, 
author={R. {Zhang} and C. C. {Chai} and Y. {Liang}}, 
journal={IEEE Transactions on Signal Processing}, 
title={Joint Beamforming and Power Control for Multiantenna Relay Broadcast Channel With QoS Constraints}, 
year={2009}, 
volume={57}, 
number={2}, 
pages={726-737}, 
doi={10.1109/TSP.2008.2008254}, 
ISSN={1053-587X}, 
month={Feb},}
@ARTICLE{imperfect_CSI, 
author={N. {Lee} and O. {Simeone} and J. {Kang}}, 
journal={IEEE Transactions on Communications}, 
title={The Effect of Imperfect Channel Knowledge on a MIMO System with Interference}, 
year={2012}, 
volume={60}, 
number={8}, 
pages={2221-2229}, 
doi={10.1109/TCOMM.2012.061412.110567}, 
ISSN={0090-6778}, 
month={August},}

@ARTICLE{precoding_emil, 
author={A. {Kammoun} and A. {Müller} and E. {Björnson} and M. {Debbah}}, 
journal={IEEE Journal of Selected Topics in Signal Processing}, 
title={Linear Precoding Based on Polynomial Expansion: Large-Scale Multi-Cell MIMO Systems}, 
year={2014}, 
volume={8}, 
number={5}, 
pages={861-875}, 
doi={10.1109/JSTSP.2014.2322582}, 
ISSN={1932-4553}, 
month={Oct},}
@ARTICLE{precding_survay, 
author={N. {Fatema} and G. {Hua} and Y. {Xiang} and D. {Peng} and I. {Natgunanathan}}, 
journal={IEEE Systems Journal}, 
title={Massive MIMO Linear Precoding: A Survey}, 
year={2018}, 
volume={12}, 
number={4}, 
pages={3920-3931}, 
doi={10.1109/JSYST.2017.2776401}, 
ISSN={1932-8184}, 
month={Dec},}

@incollection{ofdm_gaurd,
title = "Chapter 4 - Signal Processing for Optical OFDM",
editor = "William Shieh and Ivan Djordjevic",
booktitle = "OFDM for Optical Communications",
publisher = "Academic Press",
address = "Oxford",
pages = "119 - 148",
year = "2010",
isbn = "978-0-12-374879-9",
doi = "https://doi.org/10.1016/B978-0-12-374879-9.00004-6",
url = "http://www.sciencedirect.com/science/article/pii/B9780123748799000046",
author = "William Shieh and Ivan Djordjevic"}

@ARTICLE{ofdm5G, 
author={ H. {Lin}}, 
journal={IEEE Access}, 
title={Flexible Configured OFDM for 5G Air Interface}, 
year={2015}, 
volume={3}, 
pages={1861-1870}, 
do2169-3536i={10.1109/ACCESS.2015.2480749}, 
ISSN={2169-3536},}

@INPROCEEDINGS{CRRM2011, 
author={A. {Vizziello} and I. F. {Akyildiz} and R. {Agusti} and L. {Favalli} and P. {Savazzi}}, 
booktitle={2011 IEEE Global Telecommunications Conference - GLOBECOM 2011}, 
title={Cognitive Radio Resource Management Exploiting Heterogeneous Primary Users}, 
year={2011}, 
volume={}, 
number={}, 
pages={1-5}, 
doi={10.1109/GLOCOM.2011.6134378}, 
ISSN={1930-529X}, 
month={Dec},}

@INPROCEEDINGS{OFDMGlob2010, 
author={A. {Vizziello} and I. F. {Akyildiz} and R. {Augusti} and L. {Favalli} and P. {Savazzi}}, 
booktitle={2010 IEEE Global Telecommunications Conference GLOBECOM 2010}, 
title={OFDM Signal Type Recognition and Adaptability Effects in Cognitive Radio Networks}, 
year={2010}, 
volume={}, 
number={}, 
pages={1-5}, 
doi={10.1109/GLOCOM.2010.5683103}, 
ISSN={1930-529X}, 
month={Dec},}
@Inbook{ofdm,
author="Hara, Shinsuke
and Hane, Shuichi
and Hara, Yoshitaka",
editor="Fazel, Khaled
and Kaiser, Stefan",
title="Does OFDM Really Prefer Frequency Selective Fading Channels?",
bookTitle="Multi-Carrier Spread-Spectrum {\&} Related Topics: Third International Workshop, September 26--28, 2001, Oberpfafenhofen, Germany",
year="2002",
publisher="Springer US",
address="Boston, MA",
pages="35--42",
isbn="978-1-4757-3569-7",
doi="10.1007/978-1-4757-3569-7_4",
url="https://doi.org/10.1007/978-1-4757-3569-7_4"
}

@ARTICLE{corr_pathdelay,
author={Mohydeen A, Chargé P, Wang Y, Bazzi O, Ding Y.}, 
journal={Sensors (Basel)}, 
title={Spatially Correlated Sparse MIMO Channel Path Delay Estimation in Scattering Environments Based on Signal Subspace Tracking}, 
year={2018}, 
volume={18(5):1451}, 
doi={10.3390/s18051451}, 
month={May 6},
}
@ARTICLE{our_intrabody, 
author={S. Banou and M. Swaminathan and G. R. Muns and D. Duong and F. Kulsoom and P. Savazzi and A. Vizziello and K. R. Chowdhury}, 
journal={IEEE Sensors Journal}, 
title={Beamforming Galvanic Coupling Signals for IoMT Implant-to-Relay Communication}, 
year={2018}, 
volume={}, 
number={}, 
pages={1-1}, 
keywords={Implants;Array signal processing;Relays;Muscles;Phantoms;Transmitters;Sensors}, 
doi={10.1109/JSEN.2018.2886561}, 
ISSN={1530-437X}, 
month={},}

@INPROCEEDINGS{limited-feedback_RWheath, 
author={T. Inoue and R. W. Heath}, 
booktitle={2009 IEEE Radio and Wireless Symposium}, 
title={Geodesic prediction for limited feedback multiuser MIMO systems in temporally correlated channels}, 
year={2009}, 
volume={}, 
number={}, 
pages={167-170}, 
doi={10.1109/RWS.2009.4957311}, 
ISSN={2164-2958}, 
month={Jan},}

@INPROCEEDINGS{Limited_feedback , 
author={J. Choi and D. J. Love and U. Madhow}, 
booktitle={2013 47th Annual Conference on Information Sciences and Systems (CISS)}, 
title={Limited feedback in massive MIMO systems: Exploiting channel correlations via noncoherent trellis-coded quantization}, 
year={2013}, 
volume={}, 
number={}, 
pages={1-6}, 
doi={10.1109/CISS.2013.6552342}, 
ISSN={}, 
month={March},}

@ARTICLE{usr_grp, 
author={Y. Xu and G. Yue and S. Mao}, 
journal={IEEE Access}, 
title={User Grouping for Massive MIMO in FDD Systems: New Design Methods and Analysis}, 
year={2014}, 
volume={2}, 
number={}, 
pages={947-959}, 
doi={10.1109/ACCESS.2014.2353297}, 
ISSN={2169-3536}, 
month={},}

@ARTICLE{sparse_channel, 
author={C. R. Berger and Z. Wang and J. Huang and S. Zhou}, 
journal={IEEE Communications Magazine}, 
title={Application of compressive sensing to sparse channel estimation}, 
year={2010}, 
volume={48}, 
number={11}, 
pages={164-174}, 
doi={10.1109/MCOM.2010.5621984}, 
ISSN={0163-6804}, 
month={November},}

@ARTICLE{Dict_learning, 
author={Y. Ding and B. D. Rao}, 
journal={IEEE Transactions on Wireless Communications}, 
title={Dictionary Learning-Based Sparse Channel Representation and Estimation for FDD Massive MIMO Systems}, 
year={2018}, 
volume={17}, 
number={8}, 
pages={5437-5451}, 
doi={10.1109/TWC.2018.2843786}, 
ISSN={1536-1276}, 
month={Aug},}

@ARTICLE{mimo-gain, 
author={T. L. Marzetta}, 
journal={IEEE Transactions on Wireless Communications}, 
title={Noncooperative Cellular Wireless with Unlimited Numbers of Base Station Antennas}, 
year={2010}, 
volume={9}, 
number={11}, 
pages={3590-3600}, 
doi={10.1109/TWC.2010.092810.091092}, 
ISSN={1536-1276}, 
month={November},}

@ARTICLE{mimo_eric2, 
author={F. Rusek and D. Persson and B. K. Lau and E. G. Larsson and T. L. Marzetta and O. Edfors and F. Tufvesson}, 
journal={IEEE Signal Processing Magazine}, 
title={Scaling Up MIMO: Opportunities and Challenges with Very Large Arrays}, 
year={2013}, 
volume={30}, 
number={1}, 
pages={40-60}, 
doi={10.1109/MSP.2011.2178495}, 
ISSN={1053-5888}, 
month={Jan},}

@ARTICLE{mimo_eric1, 
author={E. G. Larsson and O. Edfors and F. Tufvesson and T. L. Marzetta}, 
journal={IEEE Communications Magazine}, 
title={Massive MIMO for next generation wireless systems}, 
year={2014}, 
volume={52}, 
number={2}, 
pages={186-195}, 
doi={10.1109/MCOM.2014.6736761}, 
ISSN={0163-6804}, 
month={February},}

@article{NormalizedIH,
  title={Normalized Iterative Hard Thresholding: Guaranteed Stability and Performance},
  author={Thomas Blumensath and Mike E. Davies},
  journal={IEEE Journal of Selected Topics in Signal Processing},
  year={2010},
  volume={4},
  pages={298-309}
}
@ARTICLE{BIHT, 
author={L. Jacques and J. N. Laska and P. T. Boufounos and R. G. Baraniuk}, 
journal={IEEE Transactions on Information Theory}, 
title={Robust 1-Bit Compressive Sensing via Binary Stable Embeddings of Sparse Vectors}, 
year={2013}, 
volume={59}, 
number={4}, 
pages={2082-2102}, 
doi={10.1109/TIT.2012.2234823}, 
ISSN={0018-9448}, 
month={April},}

@article{somp,
title = "Algorithms for simultaneous sparse approximation. Part I: Greedy pursuit",
journal = "Signal Processing",
volume = "86",
number = "3",
pages = "572 - 588",
year = "2006",
note = "Sparse Approximations in Signal and Image Processing",
issn = "0165-1684",
doi = "https://doi.org/10.1016/j.sigpro.2005.05.030",
url = "http://www.sciencedirect.com/science/article/pii/S0165168405002227",
author = "Joel A. Tropp and Anna C. Gilbert and Martin J.Strauss",
}
@INPROCEEDINGS{qomp, 
author={S. Sparrer and R. F. H. Fischer}, 
booktitle={2015 23rd European Signal Processing Conference (EUSIPCO)}, 
title={Soft-feedback OMP for the recovery of discrete-valued sparse signals}, 
year={2015}, 
volume={}, 
number={}, 
pages={1461-1465}, 
doi={10.1109/EUSIPCO.2015.7362626}, 
ISSN={2076-1465}, 
month={Aug},}

@INPROCEEDINGS{SD-omp, 
author={J. Liang and Y. Liu and W. Zhang and Y. Xu and X. Gan and X. Wang}, 
booktitle={2010 IEEE Wireless Communication and Networking Conference}, 
title={Joint Compressive Sensing in Wideband Cognitive Networks}, 
year={2010}, 
volume={}, 
number={}, 
pages={1-5},
doi={10.1109/WCNC.2010.5506392}, 
ISSN={1558-2612}, 
month={April},}

@ARTICLE{CIR_timevaring, 
author={W. Shen and L. Dai and Y. Shi and B. Shim and Z. Wang}, 
journal={IEEE Transactions on Vehicular Technology}, 
title={Joint Channel Training and Feedback for FDD Massive MIMO Systems}, 
year={2016}, 
volume={65}, 
number={10}, 
pages={8762-8767}, 
doi={10.1109/TVT.2015.2508033}, 
ISSN={0018-9545}, 
month={Oct},}

@INPROCEEDINGS{distributed_def,
author={K. S. Hassan and M. Kurras and L. Thiele},
booktitle={2015 IEEE 11th International Conference on Wireless and Mobile Computing, Networking and Communications (WiMob)},
title={Performance of distributed compressive sensing channel feedback in multi-user massive MIMO},
year={2015},
volume={},
number={},
pages={430-436},
doi={10.1109/WiMOB.2015.7347994},
ISSN={},
month={Oct},}

@ARTICLE{antenna_spacing_sparse, 
author={Y. Barbotin and A. Hormati and S. Rangan and M. Vetterli}, 
journal={IEEE Transactions on Communications}, 
title={Estimation of Sparse MIMO Channels with Common Support}, 
year={2012}, 
volume={60}, 
number={12}, 
pages={3705-3716}, 
doi={10.1109/TCOMM.2012.091112.110439}, 
ISSN={0090-6778}, 
month={December},}

@inproceedings{exp-vitual,
  title={Experimental Study of MIMO Channel Statistics and Capacity via Virtual Channel Representation},
  author={Yan Zhou and Markus Herdin and Akbar M. Sayeed and Ernst Bonek},
  year={2006},
}

@article{distributed_cs,
author = {Duarte, Marco and Sarvotham, S and B Wakin, M and Baron, Dror and G Baraniuk, R},
year = {2005},
month = {01},
pages = {},
title = {Joint sparsity models for distributed compressed sensing},
journal = {Online Proceedings of the Workshop on Signal Processing with Adaptive Sparse Structured Representations (SPARS)}
}
@ARTICLE{mimo-common-sparsity, 
author={Z. Gao and L. Dai and Z. Wang and S. Chen}, 
journal={IEEE Transactions on Signal Processing}, 
title={Spatially Common Sparsity Based Adaptive Channel Estimation and Feedback for FDD Massive MIMO}, 
year={2015}, 
volume={63}, 
number={23}, 
pages={6169-6183}, 
doi={10.1109/TSP.2015.2463260}, 
ISSN={1053-587X}, 
month={Dec},}

@ARTICLE{beamblock, 
author={W. Huang and Y. Huang and W. Xu and L. Yang}, 
journal={IEEE Access}, 
title={Beam-Blocked Channel Estimation for FDD Massive MIMO With Compressed Feedback}, 
year={2017}, 
volume={5}, 
number={}, 
pages={11791-11804}, 
doi={10.1109/ACCESS.2017.2715984}, 
ISSN={2169-3536}, 
month={},}

@INPROCEEDINGS{corrmimo, 
author={F. Kaltenberger and D. Gesbert and R. Knopp and M. Kountouris}, 
booktitle={2008 IEEE 19th International Symposium on Personal, Indoor and Mobile Radio Communications}, 
title={Correlation and capacity of measured multi-user MIMO channels}, 
year={2008}, 
volume={}, 
number={}, 
pages={1-5}, 
doi={10.1109/PIMRC.2008.4699493}, 
ISSN={2166-9570}, 
month={Sept},}

@ARTICLE{mainref-joint, 
author={X. Rao and V. K. N. Lau}, 
journal={IEEE Transactions on Signal Processing}, 
title={Distributed Compressive CSIT Estimation and Feedback for FDD Multi-User Massive MIMO Systems}, 
year={2014}, 
volume={62}, 
number={12}, 
pages={3261-3271}, 
doi={10.1109/TSP.2014.2324991}, 
ISSN={1053-587X}, 
month={June},}
@INPROCEEDINGS{ourwork, 
author={F. Kulsoom and A. Vizziello and H. N. Chaudhry and P. Savazzi}, 
booktitle={2018 14th Annual Conference on Wireless On-demand Network Systems and Services (WONS)}, 
title={Pilot reduction techniques for sparse channel estimation in massive MIMO systems}, 
year={2018}, 
volume={}, 
number={}, 
pages={111-116}, 
doi={10.23919/WONS.2018.8311671}, 
ISSN={}, 
month={Feb},}

@INPROCEEDINGS{diclng, 
author={Y. Ding and B. D. Rao}, 
booktitle={2015 IEEE Global Communications Conference (GLOBECOM)}, 
title={Compressed Downlink Channel Estimation Based on Dictionary Learning in FDD Massive MIMO Systems}, 
year={2015}, 
volume={}, 
number={}, 
pages={1-6}, 
doi={10.1109/GLOCOM.2015.7417153}, 
ISSN={}, 
month={Dec},}
@article{reviwsparse,
author = {Anthony N. Uwaechia and Nor M. Mahyuddin},
title = {A Review on Sparse Channel Estimation in OFDM System Using Compressed Sensing},
journal = {IETE Technical Review},
volume = {34},
number = {5},
pages = {514-531},
year  = {2017},
publisher = {Taylor & Francis},
doi = {10.1080/02564602.2016.1211966},
 }
 


@INPROCEEDINGS{mainref-1bit, 
author={Z. Zhou and X. Chen and D. Guo and M. L. Honig},
booktitle={2017 IEEE Wireless Communications and Networking Conference (WCNC)}, 
title={Sparse Channel Estimation for Massive MIMO with 1-Bit Feedback Per Dimension}, 
year={2017}, 
volume={}, 
number={}, 
pages={1-6}, 
doi={10.1109/WCNC.2017.7925514}, 
ISSN={1558-2612}, 
month={March},}

@inproceedings{Dekorsy12,
	author = {H. Schepker and A. Dekorsy},
	year = {2012},
	month = {May},
	title = {Compressive Sensing Multi-User Detection with Block-Wise Orthogonal Least Squares},
	URL = {http://www.ieeevtc.org/vtc2012spring/},
	address={Yokohama, Japan},
	booktitle={2012 IEEE 75th Vehicular Technology Conference: VTC2012-Spring}
}

@ARTICLE{CDSP, 
	author={M. A. Davenport and P. T. Boufounos and M. B. Wakin and R. G. Baraniuk}, 
	journal={IEEE Journal of Selected Topics in Signal Processing}, 
	title={Signal Processing With Compressive Measurements}, 
	year={2010}, 
	volume={4}, 
	number={2}, 
	pages={445-460}, 
	doi={10.1109/JSTSP.2009.2039178}, 
	ISSN={1932-4553}, 
	month={April},}
	
@ARTICLE{candes,
	author={E. J. Candes and T. Tao},
	journal={IEEE Transactions on Information Theory},
	title={Decoding by linear programming},
	year={2005},
	volume={51},
	number={12},
	pages={4203-4215},
	doi={10.1109/TIT.2005.858979},
	ISSN={0018-9448},
	month={Dec},}

@ARTICLE{Candes08, 
	author={E. J. Candes and M. B. Wakin}, 
	journal={IEEE Signal Processing Magazine}, 
	title={An Introduction To Compressive Sampling}, 
	year={2008}, 
	volume={25}, 
	number={2}, 
	pages={21-30}, 
	doi={10.1109/MSP.2007.914731}, 
	ISSN={1053-5888}, 
	month={March},}
@ARTICLE{Masood13, 
	author={M. Masood and T. Y. Al-Naffouri}, 
	journal={IEEE Transactions on Signal Processing}, 
	title={Sparse Reconstruction Using Distribution Agnostic Bayesian Matching Pursuit}, 
	year={2013}, 
	volume={61}, 
	number={21}, 
	pages={5298-5309}, 
	doi={10.1109/TSP.2013.2278814}, 
	ISSN={1053-587X}, 
	month={Nov},}




@article{BergFriedlander:2008,
	Author = {E. van den Berg and M. P. Friedlander},
	Title = {Probing the Pareto frontier for basis pursuit solutions},
	year = {2008},
	journal = {SIAM Journal on Scientific Computing},
	volume = {31},
	number = {2},
	pages = {890-912},
	url = {http://link.aip.org/link/?SCE/31/890},
	doi = {10.1137/080714488}
}
@misc{spgl1:2007,
	author = {E. van den Berg and M. P. Friedlander},
	title = {{SPGL1}: A solver for large-scale sparse reconstruction},
	note = {http://www.cs.ubc.ca/labs/scl/spgl1},
	month = {June},
	year = 2007
}
@book{book_enrico,
  author        = {"Giulio Coluccia and Chiara Ravazzi and Enrico Magli"},
  title         = {"Compressed Sensing for Distributed Systems"},
  publisher     = {published in Springer, Singapore},
  doi           = {doi-10.1007/978-981-287-390-3},
  year          = {2015},
   pages       = {"chapter 2"},
}

@INPROCEEDINGS{LocalizationICC2013, 
author={A. {Vizziello} and S. {Kianoush} and L. {Favalli} and P. {Gamba}}, 
booktitle={2013 IEEE International Conference on Communications (ICC)}, 
title={Location based routing protocol exploiting heterogeneous primary users in cognitive radio networks}, 
year={2013}, 
volume={}, 
number={}, 
pages={2890-2894}, 
doi={10.1109/ICC.2013.6654980}, 
ISSN={1550-3607}, 
month={June},}

@ARTICLE{LocalizationTVT2016, 
author={S. {Kianoush} and A. {Vizziello} and P. {Gamba}}, 
journal={IEEE Transactions on Vehicular Technology}, 
title={Energy-Efficient and Mobile-Aided Cooperative Localization in Cognitive Radio Networks}, 
year={2016}, 
volume={65}, 
number={5}, 
pages={3450-3461}, 
doi={10.1109/TVT.2015.2441733}, 
ISSN={0018-9545}, 
month={May},}


%%reduced complexity
@ARTICLE{Xiaohu, 
	author={X. Ge and H. Cheng and M. Guizani and T. Han}, 
	journal={IEEE Network}, 
	title={5G wireless backhaul networks: challenges and research advances}, 
	year={2014}, 
	volume={28}, 
	number={6}, 
	pages={6-11}, 
	keywords={cellular radio;radio networks;telecommunication traffic;5G wireless backhaul networks;cellular networks;energy efficiency;gigabit-level throughput;millimeter wave communication technology;network architectures;small cell communication technology;wireless backhaul traffic;5G mobile communication;Cellular networks;Computer architecture;Energy efficiency;Macrocell networks;Microprocessors;Millimeter wave communication;Next generation networking;Wireless communication}, 
	doi={10.1109/MNET.2014.6963798}, 
	ISSN={0890-8044}, 
	month={Nov},}
@INPROCEEDINGS{Noel, 
	author={P. Noel and M. Klemes}, 
	booktitle={2012 IEEE Radio and Wireless Symposium}, 
	title={Doubling the through-put of a Digital Microwave Radio system by the implementation of a cross-polarization interference cancellation algorithm}, 
	year={2012}, 
	pages={363-366}, 
	keywords={digital radio;interference suppression;polarisation;radio links;radio spectrum management;radiofrequency interference;video communication;wireless channels;RF spectrum;carrier frequencies;cross-polarization interference cancellation algorithm;data rates;digital microwave radio communication system;digitized voice;frequency 6 GHz to 38 GHz;high-speed data;orthogonal polarization;orthogonally polarized channels;point-to-point radio link;single channel implementation;video communications;Interference cancellation;Microwave communication;Modems;Quadrature amplitude modulation;Radio link;Telecommunication standards;bandwidth doubling;cross-pol improvement factor (XPIF);cross-pol interference (XPI);cross-pol interference cancellation (XPIC);digital microwave;point-to-point wireless}, 
	doi={10.1109/RWS.2012.6175360}, 
	ISSN={2164-2958}, 
	month={Jan},}
@INPROCEEDINGS{Campeanu, 
	author={A. Câmpeanu and J. Gál}, 
	booktitle={2012 10th International Symposium on Electronics and Telecommunications}, 
	title={Kalman filter carrier synchronization algorithm}, 
	year={2012}, 
	pages={203-208}, 
	keywords={Kalman filters;quadrature amplitude modulation;synchronisation;Kalman filter carrier synchronization algorithm;QAM;decision directed Kalman filter;frequency tracking performance;lock detector;phase noise;signal modulation;Adaptation models;Detectors;Frequency estimation;Frequency synchronization;Kalman filters;Quadrature amplitude modulation;Synchronization;Acquisition Mode and Tracking Mode;Decision-Directed Carrier Synchronization;Extended Kalman Filter Algorithm;Quadrature Amplitude Modulation;Random Walk}, 
	doi={10.1109/ISETC.2012.6408135}, 
	month={Nov},}
@ARTICLE{Wei-Tsen, 
	author={W T Lin and D C Chang}, 
	journal={IEEE Transactions on Consumer Electronics}, 
	title={Adaptive Carrier Synchronization Using Decision-Aided Kalman Filtering Algorithms}, 
	year={2007}, 
	volume={53}, 
	number={4}, 
	pages={1260-1267}, 
	keywords={Kalman filters;computational complexity;field programmable gate arrays;filtering theory;frequency estimation;matrix algebra;synchronisation;FPGA implementation;adaptive carrier recovery algorithm;computational complexity;decision-aided Kalman filtering algorithms;frequency estimation;multiple matrix;phase error detector;synchronization applications;Adaptive filters;Computational complexity;Equations;Filtering algorithms;Frequency estimation;Frequency synchronization;Kalman filters;Phase detection;Phase estimation;Phase frequency detector}, 
	doi={10.1109/TCE.2007.4429210}, 
	ISSN={0098-3063}, 
	month={Nov},}
@ARTICLE{CommLett, 
	author={A. Vizziello and P. Savazzi and R. Borra}, 
	journal={IEEE Communications Letters}, 
	title={Joint Phase Recovery for XPIC System Exploiting Adaptive Kalman Filtering}, 
	year={2016}, 
	volume={20}, 
	number={5}, 
	pages={922-925}, 
	keywords={Kalman filters;interference suppression;PLL scheme;XPIC system;adaptive Kalman filtering;cross-polar interference cancellation system;joint phase recovery scheme;phase-locked loop;Adaptation models;Bit error rate;Computational modeling;Kalman filters;Phase locked loops;Phase noise;Receivers;Kalman Filter;backhaul;cross-polar interference cancellation (XPIC);digital microwave;phase recovery;point-to-point wireless}, 
	doi={10.1109/LCOMM.2016.2542798}, 
	ISSN={1089-7798}, 
	month={May},}
@INPROCEEDINGS{Rossi, 
	author={L. Rossi and N. Calia and M. Nava and C. Salvaneschi and P. Agabio and B. Cornaglia and A. Ratia}, 
	booktitle={8th Eur. Conf. Fixed Wireless Netw. Technol. (ECRR’07)}, 
	title={2xSTM-1 frequency reuse system with XPIC}, 
	year={2007}, 
	pages={3-5},  
	month={April},}
@ARTICLE{Patapoutian, 
	author={A. Patapoutian}, 
	journal={IEEE Transactions on Communications}, 
	title={On phase-locked loops and Kalman filters}, 
	year={1999}, 
	volume={47}, 
	number={5}, 
	pages={670-672}, 
	keywords={Kalman filters;filtering theory;phase locked loops;pulse amplitude modulation;tracking filters;Kalman filters;Kalman gain values;PAM;PLL;acquisition mode;closed-form expressions;dynamic model;phase-locked loops;proportional-integral phase-locked loop;pulse amplitude modulation;tracking mode;Additive white noise;Closed-form solution;Equations;Frequency estimation;Kalman filters;Phase estimation;Phase locked loops;Phase noise;Recursive estimation;Voltage-controlled oscillators}, 
	doi={10.1109/26.768758}, 
	ISSN={0090-6778}, 
	month={May},}
@INPROCEEDINGS{Noel2, 
	author={P. Noel and M. Prokoptsov and M. Klemes and H. Tai and A. Dufour and K. Morris}, 
	booktitle={2011 24th Canadian Conference on Electrical and Computer Engineering(CCECE)}, 
	title={The design, development and implementation of a cross-polarization interference cancellation system for point-to-point Digital Microwave Radio systems}, 
	year={2011}, 
	pages={001365-001369}, 
	keywords={data communication;interference suppression;polarisation;radiocommunication;synchronisation;voice communication;DragonWave application;cross-polarization interference cancellation;cross-polarized co-channel operation;data communications;digital microwave radio communications;digitized voice communications;induced cross-polarization interference;interference-synchronization;orthogonally polarized channels;point-to-point digital microwave radio systems;Interference cancellation;Modems;Quadrature amplitude modulation;Radio link;Telecommunication standards;Wireless communication;bandwidth doubling;cross-pol improvement factor (XPIF);cross-pol interference (XPI);cross-pol interference cancellation (XPIC);digital microwave;point-to-point wireless}, 
	doi={10.1109/CCECE.2011.6030686}, 
	ISSN={0840-7789}, 
	month={May},}
@INPROCEEDINGS{Proenca, 
	author={H. Proença and N. B. Carvalho}, 
	booktitle={2010 Workshop on Integrated Nonlinear Microwave and Millimeter-Wave Circuits}, 
	title={Cross-polarization interference cancelation (XPIC) performance in presence of non-linear effects}, 
	year={2010}, 
	pages={93-96}, 
	keywords={interference suppression;polarisation;CCDP system;Internet protocol;Saleh model nonlinear element;XPIC configuration;XPIC model;cochannel dual polarization;cross-polar interference;cross-polarization interference cancelation;frequency reuse schema;microwave technology;nonlinear effects;orthogonal polarizations;parallel communication channels;quadrature amplitude modulation;Baseband;Communication channels;Cost function;Frequency;IP networks;Interference cancellation;Microwave technology;Polarization;Signal processing;Transport protocols;CCDP;Saleh model;Simulink;XPD;XPIC;non-linear effects}, 
	doi={10.1109/INMMIC.2010.5480127}, 
	month={April},}
@INPROCEEDINGS{Wan2000, 
	author={E. A. Wan and R. Van Der Merwe}, 
	booktitle={Proceedings of the IEEE 2000 Adaptive Systems for Signal Processing, Communications, and Control Symposium (Cat. No.00EX373)}, 
	title={The unscented Kalman filter for nonlinear estimation}, 
	year={2000}, 
	volume={}, 
	number={}, 
	pages={153-158}, 
	keywords={adaptive Kalman filters;computational complexity;covariance analysis;filtering theory;learning (artificial intelligence);nonlinear estimation;nonlinear systems;parameter estimation;state estimation;Gaussian random variable;computational complexity;covariance;deterministic sampling approach;dual estimation problems;extended Kalman filter;machine learning;neural networks training;nonlinear control;nonlinear estimation;nonlinear system;nonlinear system identification;posterior mean;sample points;state distribution;state-estimation;system dynamics;unscented Kalman filter;Computational complexity;Filters;Machine learning;Neural networks;Nonlinear dynamical systems;Nonlinear systems;Performance gain;Random variables;Sampling methods;Taylor series}, 
	doi={10.1109/ASSPCC.2000.882463}, 
	ISSN={}, 
	month={},}

%% pilot reduction
@INPROCEEDINGS{LearningCS15, 
	author={Y. Ding and B. D. Rao}, 
	booktitle={2015 IEEE Global Communications Conference (GLOBECOM)}, 
	title={Compressed Downlink Channel Estimation Based on Dictionary Learning in FDD Massive MIMO Systems}, 
	year={2015}, 
	pages={1-6}, 
	doi={10.1109/GLOCOM.2015.7417153}, 
	month={12},}

@ARTICLE{CommMag14, 
	author={E. G. Larsson and O. Edfors and F. Tufvesson and T. L. Marzetta}, 
	journal={IEEE Communications Magazine}, 
	title={Massive MIMO for next generation wireless systems}, 
	year={2014}, 
	volume={52}, 
	number={2}, 
	pages={186-195}, 
	ISSN={0163-6804}, 
	month={2},}

@ARTICLE{SPMag13, 
	author={F. Rusek and D. Persson and B. K. Lau and E. G. Larsson and T. L. Marzetta and O. Edfors and F. Tufvesson}, 
	journal={IEEE Signal Processing Magazine}, 
	title={Scaling Up MIMO: Opportunities and Challenges with Very Large Arrays}, 
	year={2013}, 
	volume={30}, 
	number={1}, 
	pages={40-60}, 
	doi={10.1109/MSP.2011.2178495}, 
	ISSN={1053-5888}, 
	month={1},}

@ARTICLE{SpatSparse, 
	author={O. E. Ayach and S. Rajagopal and S. Abu-Surra and Z. Pi and R. W. Heath}, 
	journal={IEEE Transactions on Wireless Communications}, 
	title={Spatially Sparse Precoding in Millimeter Wave MIMO Systems}, 
	year={2014}, 
	volume={13}, 
	number={3}, 
	pages={1499-1513}, 
	doi={10.1109/TWC.2014.011714.130846}, 
	ISSN={1536-1276}, 
	month={3},}

@ARTICLE{SPTrans14, 
	author={X. Rao and V. K. N. Lau}, 
	journal={IEEE Transactions on Signal Processing}, 
	title={Distributed Compressive CSIT Estimation and Feedback for FDD Multi-User Massive MIMO Systems}, 
	year={2014}, 
	volume={62}, 
	number={12}, 
	pages={3261-3271}, 
	doi={10.1109/TSP.2014.2324991}, 
	ISSN={1053-587X}, 
	month={6},}

@INPROCEEDINGS{MP93, 
	author={Y. C. Pati and R. Rezaiifar and P. S. Krishnaprasad}, 
	booktitle={Proceedings of 27th Asilomar Conference on Signals, Systems and Computers}, 
	title={Orthogonal matching pursuit: recursive function approximation with applications to wavelet decomposition}, 
	year={1993}, 
	pages={40-44 vol.1}, 
	doi={10.1109/ACSSC.1993.342465}, 
	ISSN={1058-6393}, 
	month={11},}

@ARTICLE{BayesLearn04, 
	author={D. P. Wipf and B. D. Rao}, 
	booktitle={Signal Processing, IEEE Transactions on}, 
	title={Sparse bayesian learning for basis selection}, 
	year={2004}, 
	pages={2153-2164 vol. 52, n. 8},}

@article{Phy16,
	title = "A survey on compressive sensing techniques for cognitive radio networks ",
	journal = "Physical Communication ",
	volume = "20",
	number = "",
	pages = "61 - 73",
	year = "2016",
	note = "",
	issn = "1874-4907",
	doi = "http://dx.doi.org/10.1016/j.phycom.2016.05.002",
	url = "http://www.sciencedirect.com/science/article/pii/S1874490716300386",
	author = "Fatima Salahdine and Naima Kaabouch and Hassan El Ghazi",}

@INPROCEEDINGS{Sensing14, 
	author={R.A. Jani and Y. Sharma}, 
	booktitle={Int. J. Adv. Eng. Res. Dev. 1 (5)}, 
	title={A review on spectrum sensing for cognitive radio networks}, 
	year={2014}, 
	pages={5-8},}

@ARTICLE{CoSaMP09, 
	author={D. Needell, J.A. Tropp}, 
	booktitle={Appl. Comput. Harmon., Elsevier}, 
	title={CoSaMP: Iterative signal recovery from incomplete and inaccurate samples}, 
	year={2009}, 
	pages={301-321 Anal. 26 (3)},}

@ARTICLE{IHT09, 
	author={T. Blumensath, M.E. Davies}, 
	booktitle={Appl. Comput. Harmon., Elsevier}, 
	title={Iterative hard thresholding for  compressed sensing}, 
	year={2009}, 
	pages={265-274 Anal. 27 (3)},}

@INPROCEEDINGS{Greedy08, 
	author={N. Deanna, J. Tropp, R. Vershynin}, 
	booktitle={IEEE Conf. Signals Syst. Computers}, 
	title={Greedy signal recovery review}, 
	year={2008},} 

@ARTICLE{HTP11, 
	author={S. Foucart}, 
	booktitle={SIAM Journal on Numerical Analysis}, 
	title={Hard thresholding pursuit: an algorithm for compressive sensing}, 
	year={2011}, 
	pages={2543-2563 Volume 49 Issue 6},
	month={11},}

@ARTICLE{Donoho06, 
	author={D. L. Donoho}, 
	journal={IEEE Transactions on Information Theory}, 
	title={Compressed sensing}, 
	year={2006}, 
	volume={52}, 
	number={4}, 
	pages={1289-1306}, 
	doi={10.1109/TIT.2006.871582}, 
	ISSN={0018-9448}, 
	month={4},}



@ARTICLE{Dai09, 
	author={W. Dai and O. Milenkovic}, 
	journal={IEEE Transactions on Information Theory}, 
	title={Subspace Pursuit for Compressive Sensing Signal Reconstruction}, 
	year={2009}, 
	volume={55}, 
	number={5}, 
	pages={2230-2249},  
	doi={10.1109/TIT.2009.2016006}, 
	ISSN={0018-9448}, 
	month={5},}

@ARTICLE{Donoho12, 
	author={D. L. Donoho and Y. Tsaig and I. Drori and J. L. Starck}, 
	journal={IEEE Transactions on Information Theory}, 
	title={Sparse Solution of Underdetermined Systems of Linear Equations by Stagewise Orthogonal Matching Pursuit}, 
	year={2012}, 
	volume={58}, 
	number={2}, 
	pages={1094-1121}, 
	doi={10.1109/TIT.2011.2173241}, 
	ISSN={0018-9448}, 
	month={2},}

@ARTICLE{Wang12, 
	author={J. Wang and S. Kwon and B. Shim}, 
	journal={IEEE Transactions on Signal Processing}, 
	title={Generalized Orthogonal Matching Pursuit}, 
	year={2012}, 
	volume={60}, 
	number={12}, 
	pages={6202-6216}, 
	doi={10.1109/TSP.2012.2218810}, 
	ISSN={1053-587X}, 
	month={12},}
@ARTICLE{pilot15,
	author={J. W. Choi and B. Shim and S. H. Chang},
	journal={IEEE Communications Letters},
	title={Downlink Pilot Reduction for Massive MIMO Systems via Compressed Sensing},
	year={2015},
	volume={19},
	number={11},
	pages={1889-1892},
	doi={10.1109/LCOMM.2015.2474398},
	ISSN={1089-7798},
	month={11},}
@ARTICLE{review17,
	author = {Anthony N. Uwaechia and Nor M. Mahyuddin},
	title = {A Review on Sparse Channel Estimation in OFDM System Using Compressed Sensing},
	journal = {IETE Technical Review},
	volume = {34},
	number = {5},
	pages = {514-531},
	year  = {2017},
	publisher = {Taylor & Francis},
	doi = {10.1080/02564602.2016.1211966},	
	},



%%
@article{our_kalman,
title = "Reduced complexity Kalman filtering for phase recovery in XPIC systems",
journal = "Physical Communication",
volume = "29",
pages = "112 - 119",
year = "2018",
issn = "1874-4907",
doi = "https://doi.org/10.1016/j.phycom.2018.05.006",
url = "http://www.sciencedirect.com/science/article/pii/S1874490717302872",
author = "Farzana Kulsoom and Anna Vizziello and Roberta Borra and Pietro Savazzi",
}
@article{Aiht,
title = "Accelerated iterative hard thresholding",
journal = "Signal Processing",
volume = "92",
number = "3",
pages = "752 - 756",
year = "2012",
issn = "0165-1684",
doi = "https://doi.org/10.1016/j.sigpro.2011.09.017",
url = "http://www.sciencedirect.com/science/article/pii/S0165168411003197",
author = "Thomas Blumensath",
}
@ARTICLE{magazine_eric, 
author={E. G. {Larsson} and O. {Edfors} and F. {Tufvesson} and T. L. {Marzetta}}, 
journal={IEEE Communications Magazine}, 
title={Massive MIMO for next generation wireless systems}, 
year={2014}, 
volume={52}, 
number={2}, 
pages={186-195}, 
doi={10.1109/MCOM.2014.6736761}, 
ISSN={0163-6804}, 
month={2}}
@article{latency,
title = "Reduced complexity and latency for a massive MIMO system using a parallel detection algorithm",
journal = "ICT Express",
volume = "3",
number = "3",
pages = "119 - 123",
year = "2017",
issn = "2405-9595",
doi = "https://doi.org/10.1016/j.icte.2017.03.009",
url = "http://www.sciencedirect.com/science/article/pii/S2405959516301394",
author = "Shoichi Higuchi and Chang-Jun Ahn",
}
@phdthesis{thesis_xiang,
title = "Doctoral Thesis: Massive MIMO in Real Propagation Environments",
author = "Xiang Gao",
note = "Defence details Date: 2016-02-18 Time: 10:15 Place: Lecture hall E:1406, building E, Ole R{\"o}mers v{\"a}g 3, Lund University, Faculty of Engineering LTH, Lund. External reviewer(s) Name: Giuseppe Caire Title: Professor Affiliation: University of Southern California and Technical University of Berlin ---",
year = "2016",
month = "1",
day = "26",
language = "English",
isbn = "978-91-7623-646-8",
publisher = "Lund University",
school = "Department of Electrical and Information Technology",
}
@article{bjornson_book,
  title={Optimal resource allocation in coordinated multi-cell systems},
  author={Bj{\"o}rnson, Emil and Jorswieck, Eduard and others},
  journal={Foundations and Trends{\textregistered} in Communications and Information Theory},
  volume={9},
  number={2--3},
  pages={113--381},
  year={2013},
  publisher={Now Publishers, Inc.}
}

@INPROCEEDINGS{bandwidth, 
author={ {Qingwen Liu} and {Shengli Zhou} and G. B. {Giannakis}}, 
booktitle={IEEE Global Telecommunications Conference, 2004. GLOBECOM '04.}, 
title={Efficient bandwidth utilization guaranteeing QoS over adaptive wireless links}, 
year={2004}, 
volume={4}, 
number={}, 
pages={2684-2688 Vol.4}, 
doi={10.1109/GLOCOM.2004.1378492}, 
ISSN={}, 
month={11},}

@INPROCEEDINGS{FDDvsTDD,
author={M. B. {Khalilsarai} and S. {Haghighatshoar} and X. {Yi} and G. {Caire}},
booktitle={2018 IEEE International Conference on Communications (ICC)},
title={FDD Massive MIMO: Efficient Downlink Probing and Uplink Feedback via Active Channel Sparsification},
year={2018},
volume={},
number={},
pages={1-6},
doi={10.1109/ICC.2018.8422262},
ISSN={1938-1883},
month={5},}

@ARTICLE{sampling_theorm, 
author={M. {Unser}}, 
journal={Proceedings of the IEEE}, 
title={Sampling-50 years after Shannon}, 
year={2000}, 
volume={88}, 
number={4}, 
pages={569-587}, 
doi={10.1109/5.843002}, 
ISSN={0018-9219}, 
month={April},}
@ARTICLE{under_samping, 
author={D. L. {Donoho} and J. {Tanner}}, 
journal={Proceedings of the IEEE}, 
title={Precise Undersampling Theorems}, 
year={2010}, 
volume={98}, 
number={6}, 
pages={913-924}, 
doi={10.1109/JPROC.2010.2045630}, 
ISSN={0018-9219}, 
month={June},}

@incollection{fading_sprger,
title = "Chapter 12 - Wireless Communications",
editor = "Ali Grami",
booktitle = "Introduction to Digital Communications",
publisher = "Academic Press",
address = "Boston",
pages = "493 - 527",
year = "2016",
isbn = "978-0-12-407682-2",
doi = "https://doi.org/10.1016/B978-0-12-407682-2.00012-0",
url = "http://www.sciencedirect.com/science/article/pii/B9780124076822000120",
author = "Ali Grami",
}
@Article{chan_model,
author="Almers, P.
and Bonek, E.
and Burr, A.
and Czink, N.
and Debbah, M.
and Degli-Esposti, V.
and Hofstetter, H.
and Ky{\"o}sti, P.
and Laurenson, D.
and Matz, G.
and Molisch, A.F.
and Oestges, C.
and {\"O}zcelik, H.",
title="Survey of Channel and Radio Propagation Models for Wireless MIMO Systems",
journal="EURASIP Journal on Wireless Communications and Networking",
year="2007",
month="Feb",
day="26",
volume="2007",
number="1",
pages="019070",
issn="1687-1499",
doi="10.1155/2007/19070",
url="https://doi.org/10.1155/2007/19070"
}

@ARTICLE{channel_model_analy1, 
author={A. G. {Burr}}, 
journal={IEEE Journal on Selected Areas in Communications},
title={Capacity bounds and estimates for the finite scatterers MIMO wireless channel}, 
year={2003}, 
volume={21}, 
number={5}, 
pages={812-818}, 
doi={10.1109/JSAC.2003.810291}, 
ISSN={0733-8716}, 
month={June},}

@ARTICLE{channel_model_entropy, 
author={M. {Debbah} and R. R. {Muller}}, 
journal={IEEE Transactions on Information Theory}, 
title={MIMO channel modeling and the principle of maximum entropy}, 
year={2005}, 
volume={51}, 
number={5}, 
pages={1667-1690}, 
doi={10.1109/TIT.2005.846388}, 
ISSN={0018-9448}, 
month={May},}

@ARTICLE{channel_model_virtual, 
author={A. M. {Sayeed}}, 
journal={IEEE Transactions on Signal Processing}, 
title={Deconstructing multiantenna fading channels}, 
year={2002}, 
volume={50}, 
number={10}, 
pages={2563-2579}, 
doi={10.1109/TSP.2002.803324}, 
ISSN={1053-587X}, 
month={Oct},}
@misc{cost273_ch_model,
note={\url{http://www.lx.it.pt/cost273}},}

@misc{IEEE_802.16, 
author={V. Erceg and K. V. S. Hari and M. S. Smith and D. S. Baum and K. P. Sheikh  and C. Tappenden and J. M. Costa and C. Bushue and A. Sarajedini and R. Schwartz}, 
note={Contribution IEEE 802.16.3c-01/29r4 and IEEE 802.16 Broadband Wireless Access Working Group}, 
title={"Channel models for fixed wireless applications"},
}
@misc{IEEE_802.11, 
author={V. Erceg, L. Schumacher and P. Kyritsi, A. Molisch and D. S. Baum and A. Y. Gorokhov and C. Oestges and Q. Li and K. Yu and N. Tal and B. D. Dijkstra and A. Jagannatham, C. Lanzl and V. J. Rhodes and J. Medbo and D. Michelson and M. Webster}}, 
title={"TGn Channel Models"}, 
how published =="\url{http://www.802wirelessworld.com:8802/g}",
note={IEEE P802.11 WirelessLANs, Tech. Rep., May 2004},
}


@INPROCEEDINGS{sensing_mat,
author={M. {Rudelson} and R. {Vershynin}},
booktitle={2006 40th Annual Conference on Information Sciences and Systems},
title={Sparse reconstruction by convex relaxation: Fourier and Gaussian measurements},
year={2006},
volume={},
number={},
pages={207-212},
doi={10.1109/CISS.2006.286463},
ISSN={},
month={March},}
